This file was created with JabRef 2.2.
Encoding: Cp1252

@STRING{POPL = {ACM Symposium on Principles of Programming Languages}}

@INPROCEEDINGS{DBLP:conf/sas/DimovskiGL05,
  author = {Aleksandar Dimovski and Dan R. Ghica and Ranko Lazic},
  title = {Data-Abstraction Refinement: A Game Semantic Approach.},
  booktitle = {SAS},
  year = {2005},
  pages = {102-117},
  bibsource = {DBLP, http://dblp.uni-trier.de},
  crossref = {DBLP:conf/sas/2005},
  ee = {http://dx.doi.org/10.1007/11547662_9}
}

@INPROCEEDINGS{DBLP:conf/icalp/MurawskiOW05,
  author = {Andrzej S. Murawski and C.-H. Luke Ong and Igor Walukiewicz},
  title = {Idealized Algol with Ground Recursion, and DPDA Equivalence.},
  booktitle = {ICALP},
  year = {2005},
  pages = {917-929},
  bibsource = {DBLP, http://dblp.uni-trier.de},
  crossref = {DBLP:conf/icalp/2005},
  ee = {http://dx.doi.org/10.1007/11523468_74}
}

@INPROCEEDINGS{DBLP:conf/fossacs/MurawskiW05,
  author = {Andrzej S. Murawski and Igor Walukiewicz},
  title = {Third-Order Idealized Algol with Iteration Is Decidable.},
  booktitle = {FoSSaCS},
  year = {2005},
  pages = {202-218},
  bibsource = {DBLP, http://dblp.uni-trier.de},
  crossref = {DBLP:conf/fossacs/2005},
  ee = {http://springerlink.metapress.com/openurl.asp?genre=article{\&}issn=0302-9743{\&}volume=3441{\&}spage=202},
  url = {"http://www.labri.fr/publications/l3a/2005/MW05"}
}

@ARTICLE{Abr02,
  author = {Samson Abramsky},
  title = {Algorithmic game semantics: a tutorial introduction. },
  year = {2001},
  owner = {William},
  pdf = {D:\documents\dphil\thesis&papers&notes\abramsky\mdorf01.ps},
  publisher = {Proceedings of 2001 Marktoberdorf International Summer School, 2002.},
  timestamp = {2006.05.12}
}

@INPROCEEDINGS{abramsky:mchecking_ia,
  author = {Samson Abramsky},
  title = {Semantics via game theory},
  booktitle = {Marktoberdorf International Summer School},
  year = {2001},
  note = {Lecture slides},
  owner = {William},
  timestamp = {2006.05.12}
}

@INPROCEEDINGS{Abramsky1998,
  author = {Abramsky, S. and Honda, K. and McCusker, G.},
  title = {A fully abstract game semantics for general references},
  booktitle = {Logic in Computer Science, 1998. Proceedings. Thirteenth Annual IEEE
	Symposium on},
  year = {1998},
  pages = {334--344},
  month = {21-24 June},
  doi = {10.1109/LICS.1998.705669},
  owner = {William},
  pdf = {D:\documents\dphil\thesis&papers&notes\abramsky\lics98.pdf},
  timestamp = {2007.03.29}
}

@INPROCEEDINGS{abramsky92games,
  author = {Samson Abramsky and Radha Jagadeesan},
  title = {Games and Full Completeness for Multiplicative Linear Logic},
  booktitle = {Foundations of Software Technology and Theoretical Computer Science
	({FST}-{TCS}'92)},
  year = {1992},
  editor = {R. Shyamasundar},
  pages = {291-301},
  address = {New Delhi, India},
  url = {citeseer.ist.psu.edu/article/abramsky94games.html}
}

@ARTICLE{DBLP:journals/apal/AbramskyJ05,
  author = {Samson Abramsky and Radha Jagadeesan},
  title = {A game semantics for generic polymorphism.},
  journal = {Ann. Pure Appl. Logic},
  year = {2005},
  volume = {133},
  pages = {3-37},
  number = {1-3},
  bibsource = {DBLP, http://dblp.uni-trier.de},
  ee = {http://dx.doi.org/10.1016/j.apal.2004.10.002},
  pdf = {D:\documents\dphil\thesis&papers&notes\abramsky\generic.pdf}
}

@INPROCEEDINGS{abramsky94full,
  author = {Samson Abramsky and Pasquale Malacaria and Radha Jagadeesan},
  title = {Full Abstraction for {PCF}},
  booktitle = {Theoretical Aspects of Computer Software},
  year = {1994},
  pages = {1-15},
  pdf = {D:\documents\dphil\thesis&papers&notes\abramsky\pcf.pdf},
  url = {citeseer.ist.psu.edu/abramsky95full.html}
}

@INPROCEEDINGS{abramsky98callbyvalue,
  author = {Samson Abramsky and Guy McCusker},
  title = {Call-by-Value Games},
  booktitle = {Computer Science Logic: 11th International Workshop Proceedings},
  year = {1998},
  editor = {Mogens Nielsen and Wolfgang Thomas},
  publisher = {Springer-Verlag},
  pdf = {D:\documents\dphil\thesis&papers&notes\abramsky\cbvgames.ps},
  url = {citeseer.ist.psu.edu/abramsky97callbyvalue.html}
}

@INPROCEEDINGS{AM97a,
  author = {Samson Abramsky and Guy McCusker},
  title = {Linearity, Sharing and State: a fully abstract game semantics for
	{I}dealized {A}lgol with active expressions},
  booktitle = {Algol-like languages},
  year = {1997},
  editor = {P. W. O'Hearn and R. D. Tennent},
  publisher = {Birkha\"user},
  pdf = {D:\documents\dphil\thesis&papers&notes\abramsky\lss.ps}
}

@INPROCEEDINGS{abramsky:game-semantics-tutorial,
  author = {Samson Abramsky and Guy McCusker},
  title = {Game Semantics},
  booktitle = {Logic and Computation: Proceedings of the 1997 Marktoberdorf Summer
	School},
  year = {1998},
  editor = {H. Schwichtenberg and U. Berger},
  publisher = {Springer-Verlag},
  note = {Lecture notes},
  pdf = {D:\documents\dphil\thesis&papers&notes\abramsky\mdorf97.ps}
}

@ARTICLE{abramsky99full,
  author = {Samson Abramsky and Guy McCusker},
  title = {Full abstraction for {Idealized Algol} with passive expressions},
  journal = {Theoretical Computer Science},
  year = {1999},
  volume = {227},
  pages = {3--42},
  number = {1--2},
  pdf = {D:\documents\dphil\thesis&papers&notes\abramsky\passive.ps},
  url = {citeseer.ist.psu.edu/abramsky98full.html}
}

@INPROCEEDINGS{Abramsky1999,
  author = {Abramsky, S. and Mellies, P.-A.},
  title = {Concurrent games and full completeness},
  booktitle = {Logic in Computer Science, 1999. Proceedings. 14th Symposium on},
  year = {1999},
  pages = {431--442},
  month = {2-5 July},
  doi = {10.1109/LICS.1999.782638},
  owner = {William},
  timestamp = {2007.03.29}
}

@PHDTHESIS{gberry-thesis,
  author = {G\'erard Berry},
  title = {Mod\`eles Compl\'ement Ad\'equats et Stable des Lambda-calculs typ\'es.},
  school = {Universit\'e Paris VII},
  year = {1979},
  type = {PhD thesis}
}

@INPROCEEDINGS{berry-stable,
  author = {G\'erard Berry},
  title = {Stable Models of Typed lambda-Calculi},
  booktitle = {Proceedings of the Fifth Colloquium on Automata, Languages and Programming},
  year = {1978},
  pages = {72--89},
  address = {London, UK},
  publisher = {Springer-Verlag},
  isbn = {3-540-08860-1}
}

@MISC{blumtransfer,
  author = {William Blum},
  title = {{PRS} Transfer thesis},
  howpublished = {University of Oxford},
  month = {August},
  year = {2006},
  url = {http://web.comlab.ox.ac.uk/oucl/work/william.blum/mscthesis.pdf}
}

@ARTICLE{blumong:safelambdacalculus,
  author = {William Blum and C.-H. Luke Ong},
  title = {The safe lambda calculus},
  year = {2006}
}

@INPROCEEDINGS{Chadha2004,
  author = {Chadha, R. and Kramer, S. and Scedrov , A.},
  title = {Formal analysis of multi-party contract signing},
  booktitle = {Computer Security Foundations Workshop, 2004. Proceedings. 17th IEEE},
  year = {2004},
  pages = {266--279},
  month = {28-30 June},
  doi = {10.1109/CSFW.2004.1310746},
  owner = {William},
  timestamp = {2007.03.29}
}

@INPROCEEDINGS{Chroboczek2000,
  author = {Chroboczek, J.},
  title = {Game semantics and subtyping},
  booktitle = {Logic in Computer Science, 2000. Proceedings. 15th Annual IEEE Symposium
	on},
  year = {2000},
  pages = {192--203},
  month = {26-28 June},
  doi = {10.1109/LICS.2000.855769},
  owner = {William},
  timestamp = {2007.03.29}
}

@BOOK{CroleRL:catt,
  title = {Categories for Types},
  publisher = {Cambridge University Press},
  year = {1993},
  author = {Crole, Roy},
  series = {Cambridge Mathematical Textbooks},
  isbn = {521450926}
}

@INPROCEEDINGS{Danos2000,
  author = {Danos, V. and Harmer, R.},
  title = {Probabilistic game semantics},
  booktitle = {Logic in Computer Science, 2000. Proceedings. 15th Annual IEEE Symposium
	on},
  year = {2000},
  pages = {204--213},
  month = {26-28 June},
  doi = {10.1109/LICS.2000.855770},
  owner = {William},
  timestamp = {2007.03.29}
}

@INPROCEEDINGS{Danos1996,
  author = {Danos, V. and Herbelin, H. and Regnier, L.},
  title = {Game semantics and abstract machines},
  booktitle = {Logic in Computer Science, 1996. LICS '96. Proceedings., Eleventh
	Annual IEEE Symposium on},
  year = {1996},
  pages = {394--405},
  month = {27-30 July},
  doi = {10.1109/LICS.1996.561456},
  owner = {William},
  timestamp = {2007.03.29}
}

@INPROCEEDINGS{Faggian2005,
  author = {Faggian, C. and Maurel, F.},
  title = {Ludics nets, a game model of concurrent interaction},
  booktitle = {Logic in Computer Science, 2005. LICS 2005. Proceedings. 20th Annual
	IEEE Symposium on},
  year = {2005},
  pages = {376--385},
  month = {26-29 June},
  doi = {10.1109/LICS.2005.25},
  owner = {William},
  timestamp = {2007.03.29}
}

@INPROCEEDINGS{ghicamccusker00,
  author = {Dan R. Ghica and Guy McCusker},
  title = {Reasoning about Idealized {\sc Algol} Using Regular Languages},
  booktitle = {Proceedings of 27th International Colloquium on Automata, Languages
	and Programming ICALP 2000},
  year = {2000},
  volume = {1853},
  series = {LNCS},
  pages = {103--116},
  publisher = {Springer-Verlag},
  url = {citeseer.ist.psu.edu/ghica00reasoning.html}
}

@PHDTHESIS{willgreenlandthesis,
  author = {Will Greenland},
  title = {Game Semantics for Region Analysis.},
  school = {University of Oxford},
  year = {2004}
}

@INPROCEEDINGS{Harding2003,
  author = {Harding, A. and Ryan, M. and Schobbens, P.-Y.},
  title = {Towards symbolic strategy synthesis for -LTL},
  booktitle = {Temporal Representation and Reasoning, 2003 and Fourth International
	Conference on Temporal Logic. Proceedings. 10th International Symposium
	on},
  year = {2003},
  pages = {137--146},
  month = {8-10 July},
  owner = {William},
  timestamp = {2007.03.29}
}

@MISC{Harmer2005,
  author = {Russ Harmer},
  title = {Innocent game semantics},
  month = {November},
  year = {2005},
  note = {Course notes},
  owner = {blum},
  pdf = {D:\documents\dphil\thesis&papers&notes\russ harmer\GS.pdf},
  timestamp = {2007.03.07}
}

@INPROCEEDINGS{Harmer1999,
  author = {Harmer, R. and McCusker, G.},
  title = {A fully abstract game semantics for finite nondeterminism},
  booktitle = {Logic in Computer Science, 1999. Proceedings. 14th Symposium on},
  year = {1999},
  pages = {422--430},
  month = {2-5 July},
  doi = {10.1109/LICS.1999.782637},
  owner = {William},
  pdf = {D:\documents\dphil\thesis&papers&notes\russ harmer\harmer99fully.pdf},
  timestamp = {2007.03.29}
}

@ARTICLE{hoare_csp,
  author = {C. A. R. Hoare},
  title = {Communicating sequential processes},
  journal = {Commun. ACM},
  year = {1983},
  volume = {26},
  pages = {100--106},
  number = {1},
  address = {New York, NY, USA},
  doi = {http://doi.acm.org/10.1145/357980.358021},
  issn = {0001-0782},
  publisher = {ACM Press}
}

@ARTICLE{honda99gametheoretic,
  author = {Kohei Honda and Nobuko Yoshida},
  title = {Game-theoretic analysis of call-by-value computation},
  journal = {Theoretical Computer Science},
  year = {1999},
  volume = {221},
  pages = {393--456},
  number = {1--2},
  url = {citeseer.ist.psu.edu/article/honda97game.html}
}

@PHDTHESIS{huet76,
  author = {G{\'e}rard P. Huet},
  title = {R{\'e}solution d'{\'e}quations dans des langages d'ordre 1,2,...,$\omega$},
  school = {Universit{\'e} Paris VII},
  year = {1976},
  type = {Th{\`e}se de Doctorat es Sciences Math{\'e}matiques},
  month = {Septembre}
}

@ARTICLE{DBLP:journals/tcs/Huet75,
  author = {G{\'e}rard P. Huet},
  title = {A Unification Algorithm for Typed lambda-Calculus.},
  journal = {Theor. Comput. Sci.},
  year = {1975},
  volume = {1},
  pages = {27-57},
  number = {1},
  bibsource = {DBLP, http://dblp.uni-trier.de}
}

@ARTICLE{hylandong_pcf,
  author = {J. M. E. Hyland and C.-H. L. Ong},
  title = {On full abstraction for {PCF}: {I, II, and III}},
  journal = {Information and Computation},
  year = {2000},
  volume = {163},
  pages = {285--408},
  number = {2},
  month = {December},
  address = {Duluth, MN, USA},
  doi = {http://dx.doi.org/10.1006/inco.2000.2917},
  issn = {0890-5401},
  pdf = {D:\documents\dphil\thesis&papers&notes\ong\pcf.ps},
  publisher = {Academic Press, Inc.}
}

@UNPUBLISHED{HO93a,
  author = {J. M. E. Hyland and C.-H. L. Ong},
  title = {Fair Games and Full Completeness for {Multiplicative Linear Logic}
	without the {MIX}-Rule},
  note = {preprint},
  year = {1993}
}

@ARTICLE{DBLP:journals/tcs/JensenP76,
  author = {D. C. Jensen and Tomasz Pietrzykowski},
  title = {Mechanizing {\it mega}-Order Type Theory Through Unification.},
  journal = {Theor. Comput. Sci.},
  year = {1976},
  volume = {3},
  pages = {123-171},
  number = {2},
  bibsource = {DBLP, http://dblp.uni-trier.de}
}

@INPROCEEDINGS{Lafont1991,
  author = {Lafont, Y. and Streicher, T.},
  title = {Games semantics for linear logic},
  booktitle = {Logic in Computer Science, 1991. LICS '91., Proceedings of Sixth
	Annual IEEE Symposium on},
  year = {1991},
  pages = {43--50},
  month = {15-18 July},
  doi = {10.1109/LICS.1991.151629},
  owner = {William},
  timestamp = {2007.03.29}
}

@INPROCEEDINGS{Laird2001,
  author = {Laird, J.},
  title = {A fully abstract game semantics of local exceptions},
  booktitle = {Logic in Computer Science, 2001. Proceedings. 16th Annual IEEE Symposium
	on},
  year = {2001},
  pages = {105--114},
  month = {16-19 June},
  doi = {10.1109/LICS.2001.932487},
  owner = {William},
  timestamp = {2007.03.29}
}

@INPROCEEDINGS{Lamarche1995,
  author = {Lamarche, F.},
  title = {Games semantics for full propositional linear logic},
  booktitle = {Logic in Computer Science, 1995. LICS '95. Proceedings., Tenth Annual
	IEEE Symposium on},
  year = {1995},
  pages = {464--473},
  month = {26-29 June},
  doi = {10.1109/LICS.1995.523280},
  owner = {William},
  timestamp = {2007.03.29}
}

@INPROCEEDINGS{lor61,
  author = {Paul Lorenzen},
  title = {Ein dialogisches Konstruktivit\"atskriterium},
  booktitle = {Infinitistic Methods.},
  year = {1961},
  editor = {PWN, Warsaw},
  pages = {193-200}
}

@INPROCEEDINGS{Malacaria1999,
  author = {Malacaria, P. and Hankin, C.},
  title = {Non-deterministic games and program analysis: An application to security},
  booktitle = {Logic in Computer Science, 1999. Proceedings. 14th Symposium on},
  year = {1999},
  pages = {443--452},
  month = {2-5 July},
  doi = {10.1109/LICS.1999.782639},
  owner = {William},
  timestamp = {2007.03.29}
}

@INPROCEEDINGS{McCusker-GamesandFullAbstrac,
  author = {Guy McCusker},
  title = {Games and Full Abstraction for FPC},
  booktitle = {Proceedings of the Eleventh Annual IEEE Symp. on Logic in Computer
	Science, {LICS} 1996},
  year = {1996},
  editor = {Edmund M. Clarke},
  pages = {174-183},
  month = {July},
  publisher = {IEEE Computer Society Press},
  location = {New Brunswick, NJ, USA}
}

@INPROCEEDINGS{mccusker2001,
  author = {Guy McCusker},
  title = {On the semantics of Idealized Algol without the bad-variable constructor},
  booktitle = {Nineteenth Conference on the Mathematical Foundations of Programming
	Semantics},
  year = {2003},
  editor = {ENTCS},
  volume = {83},
  publisher = {Elsevier}
}

@PHDTHESIS{McC96b,
  author = {Guy McCusker},
  title = {Games and Full Abstraction for a Functional Metalanguage with Recursive
	Types},
  school = {Imperial College},
  year = {1996}
}

@INPROCEEDINGS{Murawski2003,
  author = {Murawski, A.S.},
  title = {On program equivalence in languages with ground-type references},
  booktitle = {Logic in Computer Science, 2003. Proceedings. 18th Annual IEEE Symposium
	on},
  year = {2003},
  pages = {108--117},
  month = {22-25 June},
  doi = {10.1109/LICS.2003.1210050},
  owner = {William},
  timestamp = {2007.03.29}
}

@ARTICLE{Mur04b,
  author = {Andrzej S. Murawski},
  title = {Games for complexity second-order call-by-name programs},
  journal = {Theoretical Computer Science},
  year = {2005},
  note = {special issue: Game Theory meets Computer Science, accepted for publication}
}

@MISC{murawski03program,
  author = {Andrzej S. Murawski},
  title = {On program equivalence in languages with ground-type references},
  year = {2003},
  text = { Andrzej S. Murawski, On program equivalence in languages with ground-type
	references, in: Proceedings of IEEE Symposium on Logic in Computer
	Science, 2003.},
  url = {citeseer.ist.psu.edu/murawski03program.html}
}

@INPROCEEDINGS{Nickau:lfcs94,
  author = {Hanno Nickau},
  title = {Hereditarily Sequential Functionals},
  booktitle = {Proc. Symp. Logical Foundations of Computer Science: Logic at St.\
	Petersburg},
  year = {1994},
  editor = {Anil Nerode and Yu. V. Matiyasevich},
  volume = {813},
  series = {Lecture Notes in Computer Science},
  pages = {253--264},
  publisher = {Springer-Verlag}
}

@INPROCEEDINGS{Ong2006,
  author = {Ong, C.-H.L.},
  title = {On Model-Checking Trees Generated by Higher-Order Recursion Schemes},
  booktitle = {Logic in Computer Science, 2006 21st Annual IEEE Symposium on},
  year = {2006},
  pages = {81--90},
  month = {12-15 Aug.},
  doi = {10.1109/LICS.2006.38},
  owner = {William},
  pdf = {D:\documents\dphil\thesis&papers&notes\higherorder\lics06.pdf},
  timestamp = {2007.03.29}
}

@UNPUBLISHED{Ong2005,
  author = {C.-H. L. Ong},
  title = {Safe Lambda Calculus: Some Questions},
  note = {Note on the safe lambda calculus.},
  month = {December},
  year = {2005}
}

@ARTICLE{DBLP:journals/apal/Ong04,
  author = {C.-H. Luke Ong},
  title = {An approach to deciding observational equivalence of Algol-like languages.},
  journal = {Ann. Pure Appl. Logic},
  year = {2004},
  volume = {130},
  pages = {125-171},
  number = {1-3},
  bibsource = {DBLP, http://dblp.uni-trier.de},
  ee = {http://dx.doi.org/10.1016/j.apal.2003.12.006},
  pdf = {D:\documents\dphil\thesis&papers&notes\ong\apal-elsart.ps}
}

@INPROCEEDINGS{Ong02,
  author = {C.-H. L. Ong},
  title = {Observational equivalence of third-order {Idealized Algol} is decidable},
  booktitle = {Proceedings of IEEE Symposium on Logic in Computer Science, 22-25
	July 2002, Copenhagen Denmark},
  year = {2002},
  pages = {245-256},
  publisher = {Computer Society Press},
  pdf = {D:\documents\dphil\thesis&papers&notes\ong\lics02.ps},
  url = {ftp://ftp.comlab.ox.ac.uk/pub/Documents/techpapers/Luke.Ong/lics02.ps.gz}
}

@ARTICLE{DBLP:journals/tcs/Plotkin77,
  author = {Gordon D. Plotkin},
  title = {{LCF} Considered as a Programming Language.},
  journal = {Theor. Comput. Sci.},
  year = {1977},
  volume = {5},
  pages = {225-255},
  number = {3},
  bibsource = {DBLP, http://dblp.uni-trier.de}
}

@INPROCEEDINGS{Rea2004,
  author = {Rea, N. and Dahyot, R. and Kokaram, A.},
  title = {Modeling high level structure in sports with motion driven HMMs},
  booktitle = {Acoustics, Speech, and Signal Processing, 2004. Proceedings. (ICASSP
	'04). IEEE International Conference on},
  year = {2004},
  volume = {3},
  pages = {iii--621--4vol.3},
  month = {17-21 May},
  doi = {10.1109/ICASSP.2004.1326621},
  owner = {William},
  timestamp = {2007.03.29}
}

@INCOLLECTION{Reynolds81,
  author = {John C. Reynolds},
  title = {The Essence of ALGOL},
  booktitle = {Algorithmic Languages},
  publisher = {IFIP, North-Holland},
  year = {1981},
  editor = {J. W. de Bakker and J. C. van Vliet},
  pages = {345-372},
  address = {Amsterdam},
  annote = {Principles behind ALGOL. 29 references.},
  key = {Reynolds}
}

@ARTICLE{scott93,
  author = {Dana S. Scott},
  title = {A type-theoretical alternative to ISWIM, CUCH, OWHY},
  journal = {Theor. Comput. Sci.},
  year = {1993},
  volume = {121},
  pages = {411--440},
  number = {1-2},
  address = {Essex, UK},
  doi = {http://dx.doi.org/10.1016/0304-3975(93)90095-B},
  issn = {0304-3975},
  publisher = {Elsevier Science Publishers Ltd.}
}

@UNPUBLISHED{scott_lcf,
  author = {Dana S. Scott},
  title = {A theory of computable function of higher type},
  note = {Unpublished seminar notes, University of Oxford},
  year = {1969}
}

@INPROCEEDINGS{stirling02,
  author = {Colin Stirling},
  title = {Deciding DPDA Equivalence Is Primitive Recursive},
  booktitle = {ICALP '02: Proceedings of the 29th International Colloquium on Automata,
	Languages and Programming},
  year = {2002},
  pages = {821--832},
  address = {London, UK},
  publisher = {Springer-Verlag},
  isbn = {3-540-43864-5}
}

@INPROCEEDINGS{Sun2005,
  author = {Ji-Gui Sun and Yong-Gang Zhang},
  title = {A study on parallel semantics of constraint logic programs},
  booktitle = {Machine Learning and Cybernetics, 2005. Proceedings of 2005 International
	Conference on},
  year = {2005},
  volume = {4},
  pages = {2182--2187Vol.4},
  month = {18-21 Aug.},
  doi = {10.1109/ICMLC.2005.1527307},
  owner = {William},
  timestamp = {2007.03.29}
}

@ARTICLE{DBLP:journals/tcs/Senizergues01,
  author = {G{\'e}raud S{\'e}nizergues},
  title = {{L(A)=L(B)?} decidability results from complete formal systems.},
  journal = {Theor. Comput. Sci.},
  year = {2001},
  volume = {251},
  pages = {1-166},
  number = {1-2},
  bibsource = {DBLP, http://dblp.uni-trier.de},
  ee = {http://dx.doi.org/10.1016/S0304-3975(00)00285-1}
}

@PROCEEDINGS{DBLP:conf/icalp/2005,
  title = {Automata, Languages and Programming, 32nd International Colloquium,
	ICALP 2005, Lisbon, Portugal, July 11-15, 2005, Proceedings},
  year = {2005},
  editor = {Lu\'{\i}s Caires and Giuseppe F. Italiano and Lu\'{\i}s Monteiro
	and Catuscia Palamidessi and Moti Yung},
  volume = {3580},
  series = {Lecture Notes in Computer Science},
  publisher = {Springer},
  bibsource = {DBLP, http://dblp.uni-trier.de},
  booktitle = {ICALP},
  isbn = {3-540-27580-0}
}

@PROCEEDINGS{DBLP:conf/sas/2005,
  title = {Static Analysis, 12th International Symposium, SAS 2005, London,
	UK, September 7-9, 2005, Proceedings},
  year = {2005},
  editor = {Chris Hankin and Igor Siveroni},
  volume = {3672},
  series = {LNCS},
  publisher = {Springer},
  bibsource = {DBLP, http://dblp.uni-trier.de},
  booktitle = {SAS},
  isbn = {3-540-28584-9}
}

@PROCEEDINGS{DBLP:conf/fossacs/2005,
  title = {Foundations of Software Science and Computational Structures, 8th
	International Conference, FOSSACS 2005, Held as Part of the Joint
	European Conferences on Theory and Practice of Software, ETAPS 2005,
	Edinburgh, UK, April 4-8, 2005, Proceedings},
  year = {2005},
  editor = {Vladimiro Sassone},
  volume = {3441},
  series = {Lecture Notes in Computer Science},
  publisher = {Springer},
  bibsource = {DBLP, http://dblp.uni-trier.de},
  booktitle = {FoSSaCS},
  isbn = {3-540-25388-2}
}

@comment{jabref-meta: psDirectory:d:\\documents\\dphil\\thesis&papers&
notes;}

@comment{jabref-meta: pdfDirectory:d:\\documents\\dphil\\thesis&papers
&notes;}

