This file was created with JabRef 2.2.
Encoding: Cp1252

@INPROCEEDINGS{DBLP:conf/fossacs/AehligMO05,
  author = {Klaus Aehlig and Jolie G. de Miranda and C.-H. Luke Ong},
  title = {Safety Is not a Restriction at Level 2 for String Languages.},
  booktitle = {FoSSaCS},
  year = {2005},
  pages = {490-504},
  bibsource = {DBLP, http://dblp.uni-trier.de},
  crossref = {DBLP:conf/fossacs/2005},
  ee = {http://springerlink.metapress.com/openurl.asp?genre=article{\&}issn=0302-9743{\&}volume=3441{\&}spage=490}
}

@INPROCEEDINGS{DBLP:conf/tlca/AehligMO05,
  author = {Klaus Aehlig and Jolie G. de Miranda and C.-H. Luke Ong},
  title = {The Monadic Second Order Theory of Trees Given by Arbitrary Level-Two
	Recursion Schemes Is Decidable.},
  booktitle = {TLCA},
  year = {2005},
  pages = {39-54},
  bibsource = {DBLP, http://dblp.uni-trier.de},
  crossref = {DBLP:conf/tlca/2005},
  ee = {http://springerlink.metapress.com/openurl.asp?genre=article{\&}issn=0302-9743{\&}volume=3461{\&}spage=39}
}

@INPROCEEDINGS{DBLP:conf/lics/AspertiDLR94,
  author = {Andrea Asperti and Vincent Danos and Cosimo Laneve and Laurent Regnier},
  title = {Paths in the lambda-calculus},
  booktitle = {LICS},
  year = {1994},
  pages = {426-436},
  bibsource = {DBLP, http://dblp.uni-trier.de},
  crossref = {DBLP:conf/lics/LICS9}
}

@INPROCEEDINGS{DBLP:conf/tlca/LeivantM93,
  author = {Daniel Leivant and Jean-Yves Marion},
  title = {Lambda calculus characterizations of poly-time.},
  booktitle = {TLCA},
  year = {1993},
  pages = {274-288},
  bibsource = {DBLP, http://dblp.uni-trier.de},
  crossref = {DBLP:conf/tlca/1993}
}

@TECHREPORT{safety-mirlong2004,
  author = {Klaus Aehlig and Jolie G. de Miranda and C.-H. Luke Ong},
  title = {Safety is not a restriction at Level 2 for string languages},
  institution = {University of Oxford},
  year = {2004},
  timestamp = {2006.05.12}
}

@ARTICLE{Aho68,
  author = {Alfred V. Aho},
  title = {Indexed Grammars -- An Extension of Context-Free Grammars},
  journal = {J. ACM},
  year = {1968},
  volume = {15},
  pages = {647--671},
  number = {4},
  address = {New York, NY, USA},
  doi = {http://doi.acm.org/10.1145/321479.321488},
  issn = {0004-5411},
  publisher = {ACM Press}
}

@ARTICLE{Cau02,
  author = {Didier Caucal},
  title = {On Infinite Terms Having a Decidable Monadic Theory},
  year = {2002},
  pages = {165--176},
  address = {London, UK},
  booktitle = {MFCS '02: Proceedings of the 27th International Symposium on Mathematical
	Foundations of Computer Science},
  isbn = {3-540-44040-2},
  publisher = {Springer-Verlag}
}

@ARTICLE{Dam82,
  author = {W. Damm},
  title = {The {IO-} and {OI}-hierarchy},
  journal = {TCS},
  year = {1982},
  volume = {20},
  pages = {95-207}
}

@ARTICLE{DG86,
  author = {Werner Damm and Andreas Goerdt},
  title = {An automata-theoretical characterization of the {OI}-hierarchy},
  journal = {Information and Control},
  year = {1986},
  volume = {71},
  pages = {1--32},
  number = {1-2},
  address = {San Diego, CA, USA},
  doi = {http://dx.doi.org/10.1016/S0019-9958(86)80016-X},
  issn = {0019-9958},
  publisher = {Academic Press Professional, Inc.}
}

@INPROCEEDINGS{DanosRegnier-Localandasynchronou,
  author = {Vincent Danos and Laurent Regnier},
  title = {Local and asynchronous beta-reduction (an analysis of Girard's execution
	formula) },
  booktitle = {Proceedings of the Eighth Annual IEEE Symp. on Logic in Computer
	Science, {LICS} 1993},
  year = {1993},
  editor = {Moshe Vardi},
  pages = {296--306},
  month = {June},
  publisher = {IEEE Computer Society Press},
  location = {Montreal, Canada}
}

@INPROCEEDINGS{hague-sto07,
  author = {M. Hague and A. S. Murawski and C.-H. L. Ong and O. Serre.},
  title = {Collapsible pushdown automata and recursive schemes.},
  year = {2006},
  month = {November},
  note = {13 pages, preprint}
}

@INPROCEEDINGS{DBLP:conf/tlca/Joly01,
  author = {Thierry Joly},
  title = {The Finitely Generated Types of the lambda-Calculus.},
  booktitle = {TLCA},
  year = {2001},
  pages = {240-252},
  bibsource = {DBLP, http://dblp.uni-trier.de},
  ee = {http://link.springer.de/link/service/series/0558/bibs/2044/20440240.htm}
}

@INPROCEEDINGS{KNU02,
  author = {T.~Knapik and D.~Niwi{\'n}ski and P.~Urzyczyn},
  title = {Higher-order pushdown trees are easy},
  booktitle = {FOSSACS'02},
  year = {2002},
  pages = {205-222},
  publisher = {Springer},
  note = {LNCS Vol.~2303},
  timestamp = {2006.05.12}
}

@INPROCEEDINGS{lamping,
  author = {John Lamping},
  title = {An algorithm for optimal lambda calculus reduction},
  booktitle = {POPL '90: Proceedings of the 17th ACM SIGPLAN-SIGACT symposium on
	Principles of programming languages},
  year = {1990},
  pages = {16--30},
  address = {New York, NY, USA},
  publisher = {ACM Press},
  doi = {http://doi.acm.org/10.1145/96709.96711},
  isbn = {0-89791-343-4},
  location = {San Francisco, California, United States}
}

@ARTICLE{Mas76,
  author = {A. N. Maslov},
  title = {Multilevel stack automata},
  journal = {Problems of Information Transmission},
  year = {1976},
  volume = {12},
  pages = {38--43},
  owner = {blum},
  timestamp = {2007.04.05}
}

@ARTICLE{Mas74,
  author = {A. N. Maslov},
  title = {The hierarchy of indexed languages of an arbitrary level},
  journal = {Soviet Math. Dokl.},
  year = {1974},
  volume = {15},
  pages = {1170-1174}
}

@PHDTHESIS{demirandathesis,
  author = {Jolie G. de Miranda},
  title = {Structures generated by higher-order grammars and the safety constraint.},
  school = {University of Oxford},
  year = {2006},
  type = {DPhil thesis},
  pdf = {D:\documents\dphil\thesis&papers&notes\higherorder\jolieDeMirandaThesis.pdf}
}

@UNPUBLISHED{OngHoMchecking2006,
  author = {C.-H. L. Ong},
  title = {On model-checking trees generated by higher-order recursion schemes
	(Technical report)},
  note = {Preprint, 42 pp},
  year = {2006},
  pdf = {D:\documents\dphil\thesis&papers&notes\higherorder\ntrees.pdf},
  url = {http://users.comlab.ox.ac.uk/luke.ong/publications/ntrees.pdf}
}

@INPROCEEDINGS{OngLics2006,
  author = {C.-H. L. Ong},
  title = {On model-checking trees generated by higher-order recursion schemes},
  booktitle = {Proceedings of IEEE Symposium on Logic in Computer Science.},
  year = {2006},
  publisher = {Computer Society Press},
  note = {Extended abstract},
  pdf = {D:\documents\dphil\thesis&papers&notes\higherorder\lics06.pdf}
}

@PROCEEDINGS{DBLP:conf/tlca/1993,
  title = {Typed Lambda Calculi and Applications, International Conference on
	Typed Lambda Calculi and Applications, TLCA '93, Utrecht, The Netherlands,
	March 16-18, 1993, Proceedings},
  year = {1993},
  editor = {Marc Bezem and Jan Friso Groote},
  volume = {664},
  series = {Lecture Notes in Computer Science},
  publisher = {Springer},
  bibsource = {DBLP, http://dblp.uni-trier.de},
  booktitle = {TLCA},
  isbn = {3-540-56517-5}
}

@PROCEEDINGS{DBLP:conf/fossacs/2005,
  title = {Foundations of Software Science and Computational Structures, 8th
	International Conference, FOSSACS 2005, Held as Part of the Joint
	European Conferences on Theory and Practice of Software, ETAPS 2005,
	Edinburgh, UK, April 4-8, 2005, Proceedings},
  year = {2005},
  editor = {Vladimiro Sassone},
  volume = {3441},
  series = {Lecture Notes in Computer Science},
  publisher = {Springer},
  bibsource = {DBLP, http://dblp.uni-trier.de},
  booktitle = {FoSSaCS},
  isbn = {3-540-25388-2}
}

@PROCEEDINGS{DBLP:conf/tlca/2005,
  title = {Typed Lambda Calculi and Applications, 7th International Conference,
	TLCA 2005, Nara, Japan, April 21-23, 2005, Proceedings},
  year = {2005},
  editor = {Pawel Urzyczyn},
  volume = {3461},
  series = {Lecture Notes in Computer Science},
  publisher = {Springer},
  bibsource = {DBLP, http://dblp.uni-trier.de},
  booktitle = {TLCA},
  isbn = {3-540-25593-1}
}

@PROCEEDINGS{DBLP:conf/lics/LICS9,
  title = {Proceedings, Ninth Annual IEEE Symposium on Logic in Computer Science,
	4-7 July 1994, Paris, France},
  year = {1994},
  publisher = {IEEE Computer Society},
  bibsource = {DBLP, http://dblp.uni-trier.de},
  booktitle = {LICS}
}

@comment{jabref-meta: selector_publisher:}

@comment{jabref-meta: selector_author:}

@comment{jabref-meta: selector_journal:}

@comment{jabref-meta: selector_keywords:}

