This file was created with JabRef 2.2.
Encoding: Cp1252

@ARTICLE{DBLP:journals/jacm/FortuneLO83,
  author = {Steven Fortune and Daniel Leivant and Michael O'Donnell},
  title = {The Expressiveness of Simple and Second-Order Type Structures},
  journal = {J. ACM},
  year = {1983},
  volume = {30},
  pages = {151-185},
  number = {1},
  bibsource = {DBLP, http://dblp.uni-trier.de},
  ee = {db/journals/jacm/FortuneLO83.html, http://doi.acm.org/10.1145/322358.322370}
}

@ARTICLE{citeulike:622637,
  author = {Schwichtenberg, H.},
  title = {Definierbare Funktionen im Lambda-Kalkul mit Typen},
  journal = {Archiv Logik Grundlagenforsch},
  year = {1976},
  volume = {17},
  pages = {113--114},
  citeulike-article-id = {622637},
  keywords = {lambda-calculi},
  pdf = {D:\documents\dphil\thesis&papers&notes\Schwichtenberg-polychar.pdf},
  priority = {0},
  url = {http://citeseer.ist.psu.edu/contextsummary/598037/0}
}

@ARTICLE{Statman:1979:TLE,
  author = {R. Statman},
  title = {The typed lambda -calculus is not elementary recursive},
  journal = j-THEOR-COMP-SCI,
  year = {1979},
  volume = {9},
  pages = {73--81},
  number = {1},
  month = jul,
  acknowledgement = {#ack-nhfb#},
  bibdate = {Sat Nov 22 13:36:07 MST 1997},
  classification = {C4210 (Formal logic)},
  coden = {TCSCDI},
  corpsource = {Dept. of Philosophy, Univ. of Michigan, Ann Arbor, MI, USA},
  issn = {0304-3975},
  keywords = {elementary recursive; formal logic; lambda calculus},
  pubcountry = {Netherlands},
  treatment = {T Theoretical or Mathematical}
}

