This file was created with JabRef 2.1 beta.
Encoding: Cp1252

@INPROCEEDINGS{DBLP:conf/cav/McMillan03,
  author = {Kenneth L. McMillan},
  title = {Interpolation and SAT-Based Model Checking.},
  booktitle = {CAV},
  year = {2003},
  pages = {1-13},
  bibsource = {DBLP, http://dblp.uni-trier.de},
  crossref = {DBLP:conf/cav/2003},
  ee = {http://springerlink.metapress.com/openurl.asp?genre=article{\&}issn=0302-9743{\&}volume=2725{\&}spage=1},
  owner = {William},
  timestamp = {2006.05.12}
}

@INPROCEEDINGS{alur-vpa,
  author = {Rajeev Alur and P. Madhusudan},
  title = {Visibly pushdown languages},
  booktitle = {STOC '04: Proceedings of the thirty-sixth annual ACM symposium on
    Theory of computing},
  year = {2004},
  pages = {202--211},
  address = {New York, NY, USA},
  publisher = {ACM Press},
  doi = {http://doi.acm.org/10.1145/1007352.1007390},
  isbn = {1-58113-852-0},
  location = {Chicago, IL, USA},
  owner = {William},
  timestamp = {2006.05.12}
}

@INPROCEEDINGS{CAV02:nusmv,
  author = {A. Cimatti and E. Clarke and E. Giunchiglia and F. Giunchiglia and
    M. Pistore and M. Roveri and R. Sebastiani and A. Tacchella},
  title = {{NuSMV Version 2: An OpenSource Tool for Symbolic Model Checking}},
  booktitle = {Proc. International Conference on Computer-Aided Verification (CAV
    2002)},
  year = {2002},
  volume = {2404},
  series = {LNCS},
  address = {Copenhagen, Denmark},
  month = {July},
  publisher = {Springer},
  owner = {William},
  timestamp = {2006.05.12}
}

@ARTICLE{ckos2005,
  author = { Clarke, Edmund and Kroening, Daniel and Ouaknine, Joel and Strichman,
    Ofer },
  title = { Computational Challenges in Bounded Model Checking },
  journal = { Software Tools for Technology Transfer (STTT) },
  year = { 2005 },
  volume = { 7 },
  pages = { 174--183 },
  number = { 2 },
  month = { April },
  owner = {William},
  publisher = { Springer Verlag },
  timestamp = {2006.05.12}
}

@INPROCEEDINGS{hammer:truly,
  author = {Moritz Hammer and Alexander Knapp and Stephan Merz},
  title = {Truly On-The-Fly {LTL} Model Checking},
  booktitle = {11th Intl. Conf. Tools and Algorithms for the Construction and Analysis
    of Systems (TACAS 2005)},
  year = {2005},
  editor = {Nicolas Halbwachs and Lenore Zuck},
  series = {Lecture Notes in Computer Science},
  pages = {191--205},
  address = {Edinburgh, Scotland},
  month = apr,
  publisher = {Springer-Verlag},
  owner = {William},
  timestamp = {2006.05.12}
}

@MISC{ocaml,
  author = {INRIA},
  title = {Objective Caml Programming language },
  year = {2003},
  note = { \url{http://caml.inria.fr/}},
  owner = {William},
  timestamp = {2006.05.12}
}

@MISC{wikipedia,
  author = {Wikipedia},
  title = {Wikipedia, the free encyclopedia.},
  year = {2004},
  note = { \url{http://en.wikipedia.org/}},
  owner = {William},
  timestamp = {2006.05.12}
}

@PROCEEDINGS{DBLP:conf/cav/2003,
  title = {Computer Aided Verification, 15th International Conference, CAV 2003,
    Boulder, CO, USA, July 8-12, 2003, Proceedings},
  year = {2003},
  editor = {Warren A. Hunt Jr. and Fabio Somenzi},
  volume = {2725},
  series = {Lecture Notes in Computer Science},
  publisher = {Springer},
  bibsource = {DBLP, http://dblp.uni-trier.de},
  booktitle = {CAV},
  isbn = {3-540-40524-0},
  owner = {William},
  timestamp = {2006.05.12}
}


@article{ biere99symbolic,
    author = "Armin Biere and Alessandro Cimatti and Edmund Clarke and Yunshan Zhu",
    title = "Symbolic Model Checking without {BDDs}",
    journal = "Lecture Notes in Computer Science",
    volume = "1579",
    pages = "193--207",
    year = "1999",
    url = "citeseer.ist.psu.edu/article/biere99symbolic.html" }

@misc{zChaff,
  author = {{Princeton University}},
  title = "zChaff",
  note = "\verb+http://www.princeton.edu/~chaff/zchaff.html+",
}


@inproceedings{ES03,
  author    = {{N. E{\'e}n} and
               {N. S{\"o}rensson}},
  title     = {An Extensible {SAT}-solver.},
  booktitle = {SAT},
  year      = {2003},
  pages     = {502-518},
  ee        = {http://springerlink.metapress.com/openurl.asp?genre=article{\&}issn=0302-9743{\&}volume=2919{\&}spage=502},
  bibsource = {DBLP, http://dblp.uni-trier.de}
}


@inproceedings{DBLP:conf/lics/AbramskyHM98,
  author    = {Samson Abramsky and
               Kohei Honda and
               Guy McCusker},
  title     = {A Fully Abstract Game Semantics for General References.},
  booktitle = {LICS},
  year      = {1998},
  pages     = {334-344},
  bibsource = {DBLP, http://dblp.uni-trier.de}
}


@misc{ thomas97languages,
  author = "W. Thomas",
  title = "Languages, Automata, and Logic",
  text = "W. Thomas. Languages, Automata, and Logic. In G. Rozenberg and A. Salomaa,
    editors, Handbook of Formal Languages, volume 3, chapter 7, pages 389--
    455. Springer Verlag, 1997.",
  year = "1997",
  url = "citeseer.ist.psu.edu/205184.html" }

Citations not processed or no citations identified. 


@comment{jabref-meta: selector_journal:}

@comment{jabref-meta: selector_author:}

@comment{jabref-meta: selector_keywords:}

@comment{jabref-meta: selector_publisher:}
